@article{Hager:1989p221,
title = {{Updating the inverse of a matrix}},
author = {Hager, W. W.},
journal = {SIAM Rev.},
volume = {31},
pages = {221}
year = {1989}
}
